@incollection{gauss_cite,
	booktitle = {Göttingische gelehrte Anzeigen},
	volume={76},
	author={Gauss,Carl Friedrich},
	number={64},
	date = {1831-03-21},
	pages = {636},
	publisher={Dieterische Univ. Buchdruckerei},
	eprint={https://books.google.fr/books?id=IPxTAAAAcAAJ},
	language={german}, address={Göttingen},
	note={Sans titre}
}

@book{livre_ter,	
edition	= {2},
title	= {What Is Mathematics? An Elementary Approach to Ideas and Methods},	
isbn	= {0-\nobreak 19510519-\nobreak 2},	% \nobreak pour éviter un saut de ligne
shorttitle	= {What Is Mathematics?},	
publisher	= {Oxford University Press},	
address={New York},
author	= {Courant, Richard and Robbins, Herbert},	
month	= {7},	
year	= {1996},
language = {english},
pages={77--81}
}

@Book{toutanalicence,
 author = {Escofier,Jean-Pierre},
 title = {Toute l'analyse de la Licence :  Cours et Exercices corrigés},
 shorttitle = {Toute l'analyse de la Licence},
 publisher = {Dunod},
 year = {2014},
 month={5},
 address = {Paris},
 isbn = {978-210058917-3},
 pages={48--51}
 }
 @Book{graphesComb,
 author = {Longuet, Francette and Ramirez-Alfonsin,Jorge},
 title = {Graphes et combinatoire : cours avec 210 exercices corrigés},
 shorttitle = {Graphes et combinatoire},
 publisher = {Ellipses},
 year = {2015},
 month={6},
 address = {Paris},
 isbn = {978-234000540-2}, 
 pages={00--01}
 }
 @misc{MDchapV,
    title = {Notes du cours de mathématiques pour l'informatique, Chapitre V : Combinatoire},
    author = {Zanotti,Jean-Pierre},
    howpublished = {Page web universitaire},
    date={2020-06-20},
    urldate = {2021-01-15},
    url = {http://zanotti.univ-tln.fr/MD/MD-Combinatoire.html}
}